@article{DBLP:journals/corr/ZhaoKL16,
  author    = {Shenglin Zhao and
               Irwin King and
               Michael R. Lyu},
  title     = {A Survey of Point-of-interest Recommendation in Location-based Social
               Networks},
  journal   = {CoRR},
  volume    = {abs/1607.00647},
  year      = {2016},
  url       = {http://arxiv.org/abs/1607.00647},
  archivePrefix = {arXiv},
  eprint    = {1607.00647},
  timestamp = {Wed, 07 Jun 2017 14:42:32 +0200},
  biburl    = {http://dblp.org/rec/bib/journals/corr/ZhaoKL16},
  bibsource = {dblp computer science bibliography, http://dblp.org}
}

@book{Rajaraman:2011:MMD:2124405,
 author = {Rajaraman, Anand and Ullman, Jeffrey David},
 title = {Mining of Massive Datasets},
 year = {2011},
 isbn = {1107015359, 9781107015357},
 publisher = {Cambridge University Press},
 address = {New York, NY, USA},
} 
